%% This BibTeX bibliography file was created using BibDesk.
%% http://bibdesk.sourceforge.net/


%% Created for Christophe VG at 2013-09-02 11:39:48 +0200 


%% Saved with string encoding Unicode (UTF-8) 



@inproceedings{valero2012di,
	Author = {Valero, Marco and Jung, Sang Shin and Uluagac, A Selcuk and Li, Yingshu and Beyah, Raheem},
	Booktitle = {INFOCOM, 2012 Proceedings IEEE},
	Date-Added = {2013-09-02 09:14:46 +0000},
	Date-Modified = {2013-09-02 09:22:16 +0000},
	Keywords = {self},
	Organization = {IEEE},
	Pages = {585--593},
	Title = {Di-Sec: A distributed security framework for heterogeneous wireless sensor networks},
	Year = {2012},
	Bdsk-File-1 = {YnBsaXN0MDDUAQIDBAUGJCVYJHZlcnNpb25YJG9iamVjdHNZJGFyY2hpdmVyVCR0b3ASAAGGoKgHCBMUFRYaIVUkbnVsbNMJCgsMDxJXTlMua2V5c1pOUy5vYmplY3RzViRjbGFzc6INDoACgAOiEBGABIAFgAdccmVsYXRpdmVQYXRoWWFsaWFzRGF0YV8QbS4uLy4uL0Rlc2t0b3AvdGhlc2lzL0RpLVNlYyAtIEEgRGlzdHJpYnV0ZWQgU2VjdXJpdHkgRnJhbWV3b3JrIGZvciBIZXRlcm9nZW5lb3VzIFdpcmVsZXNzIFNlbnNvciBOZXR3b3Jrcy5wZGbSFwsYGVdOUy5kYXRhTxECdAAAAAACdAACAAAMTWFjaW50b3NoIEhEAAAAAAAAAAAAAAAAAAAAyXmkOEgrAAABTQFkH0RpLVNlYyAtIEEgRGlzdHJpYnUjMTREMDE4OC5wZGYAAAAAAAAAAAAAAAAAAAAAAAAAAAAAAAAAAAAAAAAAAAFNAYjOLl9pAAAAAAAAAAAAAgADAAAJIAAAAAAAAAAAAAAAAAAAAAZ0aGVzaXMAEAAIAADJeZYoAAAAEQAIAADOLkNJAAAAAQAQAU0BZAAIfJgACHyNAACX7QACAEpNYWNpbnRvc2ggSEQ6VXNlcnM6AHh0b2Y6AERlc2t0b3A6AHRoZXNpczoARGktU2VjIC0gQSBEaXN0cmlidSMxNEQwMTg4LnBkZgAOALIAWABEAGkALQBTAGUAYwAgAC0AIABBACAARABpAHMAdAByAGkAYgB1AHQAZQBkACAAUwBlAGMAdQByAGkAdAB5ACAARgByAGEAbQBlAHcAbwByAGsAIABmAG8AcgAgAEgAZQB0AGUAcgBvAGcAZQBuAGUAbwB1AHMAIABXAGkAcgBlAGwAZQBzAHMAIABTAGUAbgBzAG8AcgAgAE4AZQB0AHcAbwByAGsAcwAuAHAAZABmAA8AGgAMAE0AYQBjAGkAbgB0AG8AcwBoACAASABEABIAclVzZXJzL3h0b2YvRGVza3RvcC90aGVzaXMvRGktU2VjIC0gQSBEaXN0cmlidXRlZCBTZWN1cml0eSBGcmFtZXdvcmsgZm9yIEhldGVyb2dlbmVvdXMgV2lyZWxlc3MgU2Vuc29yIE5ldHdvcmtzLnBkZgATAAEvAAAVAAIAC///AACABtIbHB0eWiRjbGFzc25hbWVYJGNsYXNzZXNdTlNNdXRhYmxlRGF0YaMdHyBWTlNEYXRhWE5TT2JqZWN00hscIiNcTlNEaWN0aW9uYXJ5oiIgXxAPTlNLZXllZEFyY2hpdmVy0SYnVHJvb3SAAQAIABEAGgAjAC0AMgA3AEAARgBNAFUAYABnAGoAbABuAHEAcwB1AHcAhACOAP4BAwELA4MDhQOKA5UDngOsA7ADtwPAA8UD0gPVA+cD6gPvAAAAAAAAAgEAAAAAAAAAKAAAAAAAAAAAAAAAAAAAA/E=}}

@article{perrig2004security,
	Author = {Perrig, Adrian and Stankovic, John and Wagner, David},
	Date-Added = {2013-09-02 09:14:11 +0000},
	Date-Modified = {2013-09-02 09:22:11 +0000},
	Journal = {Communications of the ACM},
	Keywords = {self},
	Number = {6},
	Pages = {53--57},
	Publisher = {ACM},
	Title = {Security in wireless sensor networks},
	Volume = {47},
	Year = {2004},
	Bdsk-File-1 = {YnBsaXN0MDDUAQIDBAUGJCVYJHZlcnNpb25YJG9iamVjdHNZJGFyY2hpdmVyVCR0b3ASAAGGoKgHCBMUFRYaIVUkbnVsbNMJCgsMDxJXTlMua2V5c1pOUy5vYmplY3RzViRjbGFzc6INDoACgAOiEBGABIAFgAdccmVsYXRpdmVQYXRoWWFsaWFzRGF0YV8QRi4uLy4uL0Rlc2t0b3AvdGhlc2lzL1dpcmVsZXNzIFNlbnNvciBOZXR3b3JrIC0gU2VjdXJpdHkgY2hhbGxlbmdlcy5wZGbSFwsYGVdOUy5kYXRhTxECAAAAAAACAAACAAAMTWFjaW50b3NoIEhEAAAAAAAAAAAAAAAAAAAAyXmkOEgrAAABTQFkH1dpcmVsZXNzIFNlbnNvciBOZXQjMTREMDE2OC5wZGYAAAAAAAAAAAAAAAAAAAAAAAAAAAAAAAAAAAAAAAAAAAFNAWjOLl9OAAAAAAAAAAAAAgADAAAJIAAAAAAAAAAAAAAAAAAAAAZ0aGVzaXMAEAAIAADJeZYoAAAAEQAIAADOLkMuAAAAAQAQAU0BZAAIfJgACHyNAACX7QACAEpNYWNpbnRvc2ggSEQ6VXNlcnM6AHh0b2Y6AERlc2t0b3A6AHRoZXNpczoAV2lyZWxlc3MgU2Vuc29yIE5ldCMxNEQwMTY4LnBkZgAOAGQAMQBXAGkAcgBlAGwAZQBzAHMAIABTAGUAbgBzAG8AcgAgAE4AZQB0AHcAbwByAGsAIAAtACAAUwBlAGMAdQByAGkAdAB5ACAAYwBoAGEAbABsAGUAbgBnAGUAcwAuAHAAZABmAA8AGgAMAE0AYQBjAGkAbgB0AG8AcwBoACAASABEABIAS1VzZXJzL3h0b2YvRGVza3RvcC90aGVzaXMvV2lyZWxlc3MgU2Vuc29yIE5ldHdvcmsgLSBTZWN1cml0eSBjaGFsbGVuZ2VzLnBkZgAAEwABLwAAFQACAAv//wAAgAbSGxwdHlokY2xhc3NuYW1lWCRjbGFzc2VzXU5TTXV0YWJsZURhdGGjHR8gVk5TRGF0YVhOU09iamVjdNIbHCIjXE5TRGljdGlvbmFyeaIiIF8QD05TS2V5ZWRBcmNoaXZlctEmJ1Ryb290gAEACAARABoAIwAtADIANwBAAEYATQBVAGAAZwBqAGwAbgBxAHMAdQB3AIQAjgDXANwA5ALoAuoC7wL6AwMDEQMVAxwDJQMqAzcDOgNMA08DVAAAAAAAAAIBAAAAAAAAACgAAAAAAAAAAAAAAAAAAANW}}

@inproceedings{afzal2012difisec,
	Author = {Afzal, Syed Rehan and Huygens, Christophe and Joosen, Wouter},
	Booktitle = {Network Computing and Applications (NCA), 2012 11th IEEE International Symposium on},
	Date-Added = {2013-09-02 09:13:33 +0000},
	Date-Modified = {2013-09-02 09:22:21 +0000},
	Keywords = {self},
	Organization = {IEEE},
	Pages = {263--271},
	Title = {DiFiSec: An Adaptable Multi-level Security Framework for Event-Driven Communication in Wireless Sensor Networks},
	Year = {2012},
	Bdsk-File-1 = {YnBsaXN0MDDUAQIDBAUGJCVYJHZlcnNpb25YJG9iamVjdHNZJGFyY2hpdmVyVCR0b3ASAAGGoKgHCBMUFRYaIVUkbnVsbNMJCgsMDxJXTlMua2V5c1pOUy5vYmplY3RzViRjbGFzc6INDoACgAOiEBGABIAFgAdccmVsYXRpdmVQYXRoWWFsaWFzRGF0YV8QiS4uLy4uL0Rlc2t0b3AvdGhlc2lzL0RpRmlTZWMgLSBBbiBBZGFwdGFibGUgTXVsdGktbGV2ZWwgU2VjdXJpdHkgRnJhbWV3b3JrIGZvciBFdmVudC1kcml2ZW4gQ29tbXVuaWNhdGlvbiBpbiBXaXJlbGVzcyBTZW5zb3IgTmV0d29ya3MucGRm0hcLGBlXTlMuZGF0YU8RAsgAAAAAAsgAAgAADE1hY2ludG9zaCBIRAAAAAAAAAAAAAAAAAAAAMl5pDhIKwAAAU0BZB9EaUZpU2VjIC0gQW4gQWRhcHRhIzE0RDAxQjUucGRmAAAAAAAAAAAAAAAAAAAAAAAAAAAAAAAAAAAAAAAAAAABTQG1zi5fpAAAAAAAAAAAAAIAAwAACSAAAAAAAAAAAAAAAAAAAAAGdGhlc2lzABAACAAAyXmWKAAAABEACAAAzi5DhAAAAAEAEAFNAWQACHyYAAh8jQAAl+0AAgBKTWFjaW50b3NoIEhEOlVzZXJzOgB4dG9mOgBEZXNrdG9wOgB0aGVzaXM6AERpRmlTZWMgLSBBbiBBZGFwdGEjMTREMDFCNS5wZGYADgDqAHQARABpAEYAaQBTAGUAYwAgAC0AIABBAG4AIABBAGQAYQBwAHQAYQBiAGwAZQAgAE0AdQBsAHQAaQAtAGwAZQB2AGUAbAAgAFMAZQBjAHUAcgBpAHQAeQAgAEYAcgBhAG0AZQB3AG8AcgBrACAAZgBvAHIAIABFAHYAZQBuAHQALQBkAHIAaQB2AGUAbgAgAEMAbwBtAG0AdQBuAGkAYwBhAHQAaQBvAG4AIABpAG4AIABXAGkAcgBlAGwAZQBzAHMAIABTAGUAbgBzAG8AcgAgAE4AZQB0AHcAbwByAGsAcwAuAHAAZABmAA8AGgAMAE0AYQBjAGkAbgB0AG8AcwBoACAASABEABIAjlVzZXJzL3h0b2YvRGVza3RvcC90aGVzaXMvRGlGaVNlYyAtIEFuIEFkYXB0YWJsZSBNdWx0aS1sZXZlbCBTZWN1cml0eSBGcmFtZXdvcmsgZm9yIEV2ZW50LWRyaXZlbiBDb21tdW5pY2F0aW9uIGluIFdpcmVsZXNzIFNlbnNvciBOZXR3b3Jrcy5wZGYAEwABLwAAFQACAAv//wAAgAbSGxwdHlokY2xhc3NuYW1lWCRjbGFzc2VzXU5TTXV0YWJsZURhdGGjHR8gVk5TRGF0YVhOU09iamVjdNIbHCIjXE5TRGljdGlvbmFyeaIiIF8QD05TS2V5ZWRBcmNoaXZlctEmJ1Ryb290gAEACAARABoAIwAtADIANwBAAEYATQBVAGAAZwBqAGwAbgBxAHMAdQB3AIQAjgEaAR8BJwPzA/UD+gQFBA4EHAQgBCcEMAQ1BEIERQRXBFoEXwAAAAAAAAIBAAAAAAAAACgAAAAAAAAAAAAAAAAAAARh}}

@inproceedings{yue2012novel,
	Author = {Yue-Feng, Zheng and Zhuo-Ran, Chen and Jia-Yu, Han and Zheng, Li},
	Booktitle = {Information Management, Innovation Management and Industrial Engineering (ICIII), 2012 International Conference on},
	Date-Added = {2013-09-02 09:12:52 +0000},
	Date-Modified = {2013-09-02 09:22:26 +0000},
	Keywords = {self},
	Organization = {IEEE},
	Pages = {507--510},
	Title = {A novel based-node level Security strategy in wireless sensor network},
	Volume = {1},
	Year = {2012},
	Bdsk-File-1 = {YnBsaXN0MDDUAQIDBAUGJCVYJHZlcnNpb25YJG9iamVjdHNZJGFyY2hpdmVyVCR0b3ASAAGGoKgHCBMUFRYaIVUkbnVsbNMJCgsMDxJXTlMua2V5c1pOUy5vYmplY3RzViRjbGFzc6INDoACgAOiEBGABIAFgAdccmVsYXRpdmVQYXRoWWFsaWFzRGF0YV8QXi4uLy4uL0Rlc2t0b3AvdGhlc2lzL0Egbm92ZWwgYmFzZWQtbm9kZSBsZXZlbCBTZWN1cml0eSBzdHJhdGVneSBpbiB3aXJlbGVzcyBzZW5zb3IgbmV0d29yay5wZGbSFwsYGVdOUy5kYXRhTxECSAAAAAACSAACAAAMTWFjaW50b3NoIEhEAAAAAAAAAAAAAAAAAAAAyXmkOEgrAAABTQFkH0Egbm92ZWwgYmFzZWQtbm9kZSAjMTREMDE3OC5wZGYAAAAAAAAAAAAAAAAAAAAAAAAAAAAAAAAAAAAAAAAAAAFNAXjOLl9cAAAAAAAAAAAAAgADAAAJIAAAAAAAAAAAAAAAAAAAAAZ0aGVzaXMAEAAIAADJeZYoAAAAEQAIAADOLkM8AAAAAQAQAU0BZAAIfJgACHyNAACX7QACAEpNYWNpbnRvc2ggSEQ6VXNlcnM6AHh0b2Y6AERlc2t0b3A6AHRoZXNpczoAQSBub3ZlbCBiYXNlZC1ub2RlICMxNEQwMTc4LnBkZgAOAJQASQBBACAAbgBvAHYAZQBsACAAYgBhAHMAZQBkAC0AbgBvAGQAZQAgAGwAZQB2AGUAbAAgAFMAZQBjAHUAcgBpAHQAeQAgAHMAdAByAGEAdABlAGcAeQAgAGkAbgAgAHcAaQByAGUAbABlAHMAcwAgAHMAZQBuAHMAbwByACAAbgBlAHQAdwBvAHIAawAuAHAAZABmAA8AGgAMAE0AYQBjAGkAbgB0AG8AcwBoACAASABEABIAY1VzZXJzL3h0b2YvRGVza3RvcC90aGVzaXMvQSBub3ZlbCBiYXNlZC1ub2RlIGxldmVsIFNlY3VyaXR5IHN0cmF0ZWd5IGluIHdpcmVsZXNzIHNlbnNvciBuZXR3b3JrLnBkZgAAEwABLwAAFQACAAv//wAAgAbSGxwdHlokY2xhc3NuYW1lWCRjbGFzc2VzXU5TTXV0YWJsZURhdGGjHR8gVk5TRGF0YVhOU09iamVjdNIbHCIjXE5TRGljdGlvbmFyeaIiIF8QD05TS2V5ZWRBcmNoaXZlctEmJ1Ryb290gAEACAARABoAIwAtADIANwBAAEYATQBVAGAAZwBqAGwAbgBxAHMAdQB3AIQAjgDvAPQA/ANIA0oDTwNaA2MDcQN1A3wDhQOKA5cDmgOsA68DtAAAAAAAAAIBAAAAAAAAACgAAAAAAAAAAAAAAAAAAAO2}}

@inproceedings{ramesh2012wireless,
	Author = {Ramesh, Maneesha V and Raj, Aswathy B and Hemalatha, T},
	Booktitle = {Computational Intelligence and Communication Networks (CICN), 2012 Fourth International Conference on},
	Date-Added = {2013-09-02 09:12:04 +0000},
	Date-Modified = {2013-09-02 09:22:06 +0000},
	Keywords = {self},
	Organization = {IEEE},
	Pages = {783--787},
	Title = {Wireless Sensor Network Security: Real-Time Detection and Prevention of Attacks},
	Year = {2012},
	Bdsk-File-1 = {YnBsaXN0MDDUAQIDBAUGJCVYJHZlcnNpb25YJG9iamVjdHNZJGFyY2hpdmVyVCR0b3ASAAGGoKgHCBMUFRYaIVUkbnVsbNMJCgsMDxJXTlMua2V5c1pOUy5vYmplY3RzViRjbGFzc6INDoACgAOiEBGABIAFgAdccmVsYXRpdmVQYXRoWWFsaWFzRGF0YV8QaS4uLy4uL0Rlc2t0b3AvdGhlc2lzL1dpcmVsZXNzIFNlbnNvciBOZXR3b3JrIFNlY3VyaXR5IC0gUmVhbC1UaW1lIERldGVjdGlvbiBhbmQgUHJldmVudGlvbiBvZiBBdHRhY2tzLnBkZtIXCxgZV05TLmRhdGFPEQJoAAAAAAJoAAIAAAxNYWNpbnRvc2ggSEQAAAAAAAAAAAAAAAAAAADJeaQ4SCsAAAFNAWQfV2lyZWxlc3MgU2Vuc29yIE5ldCMxNEQwMTk4LnBkZgAAAAAAAAAAAAAAAAAAAAAAAAAAAAAAAAAAAAAAAAAAAU0BmM4uX3sAAAAAAAAAAAACAAMAAAkgAAAAAAAAAAAAAAAAAAAABnRoZXNpcwAQAAgAAMl5ligAAAARAAgAAM4uQ1sAAAABABABTQFkAAh8mAAIfI0AAJftAAIASk1hY2ludG9zaCBIRDpVc2VyczoAeHRvZjoARGVza3RvcDoAdGhlc2lzOgBXaXJlbGVzcyBTZW5zb3IgTmV0IzE0RDAxOTgucGRmAA4AqgBUAFcAaQByAGUAbABlAHMAcwAgAFMAZQBuAHMAbwByACAATgBlAHQAdwBvAHIAawAgAFMAZQBjAHUAcgBpAHQAeQAgAC0AIABSAGUAYQBsAC0AVABpAG0AZQAgAEQAZQB0AGUAYwB0AGkAbwBuACAAYQBuAGQAIABQAHIAZQB2AGUAbgB0AGkAbwBuACAAbwBmACAAQQB0AHQAYQBjAGsAcwAuAHAAZABmAA8AGgAMAE0AYQBjAGkAbgB0AG8AcwBoACAASABEABIAblVzZXJzL3h0b2YvRGVza3RvcC90aGVzaXMvV2lyZWxlc3MgU2Vuc29yIE5ldHdvcmsgU2VjdXJpdHkgLSBSZWFsLVRpbWUgRGV0ZWN0aW9uIGFuZCBQcmV2ZW50aW9uIG9mIEF0dGFja3MucGRmABMAAS8AABUAAgAL//8AAIAG0hscHR5aJGNsYXNzbmFtZVgkY2xhc3Nlc11OU011dGFibGVEYXRhox0fIFZOU0RhdGFYTlNPYmplY3TSGxwiI1xOU0RpY3Rpb25hcnmiIiBfEA9OU0tleWVkQXJjaGl2ZXLRJidUcm9vdIABAAgAEQAaACMALQAyADcAQABGAE0AVQBgAGcAagBsAG4AcQBzAHUAdwCEAI4A+gD/AQcDcwN1A3oDhQOOA5wDoAOnA7ADtQPCA8UD1wPaA98AAAAAAAACAQAAAAAAAAAoAAAAAAAAAAAAAAAAAAAD4Q==}}

@inproceedings{maerien2012famos,
	Author = {Maerien, Jef and Agten, Pieter and Huygens, Christophe and Joosen, Wouter},
	Booktitle = {Distributed Applications and Interoperable Systems},
	Date-Added = {2013-09-02 09:09:45 +0000},
	Date-Modified = {2013-09-02 09:19:24 +0000},
	Keywords = {given},
	Organization = {Springer},
	Pages = {104--117},
	Title = {FAMoS: A flexible active monitoring service for wireless sensor networks},
	Year = {2012},
	Bdsk-File-1 = {YnBsaXN0MDDUAQIDBAUGJCVYJHZlcnNpb25YJG9iamVjdHNZJGFyY2hpdmVyVCR0b3ASAAGGoKgHCBMUFRYaIVUkbnVsbNMJCgsMDxJXTlMua2V5c1pOUy5vYmplY3RzViRjbGFzc6INDoACgAOiEBGABIAFgAdccmVsYXRpdmVQYXRoWWFsaWFzRGF0YV8QYi4uLy4uL0Rlc2t0b3AvdGhlc2lzL0ZBTW9TIC0gQSBGbGV4aWJsZSBBY3RpdmUgTW9uaXRvcmluZyBTZXJ2aWNlIGZvciBXaXJlbGVzcyBTZW5zb3IgTmV0d29ya3MucGRm0hcLGBlXTlMuZGF0YU8RAlQAAAAAAlQAAgAADE1hY2ludG9zaCBIRAAAAAAAAAAAAAAAAAAAAMl5pDhIKwAAAU0BZB9GQU1vUyAtIEEgRmxleGlibGUgIzE1MTcwODEucGRmAAAAAAAAAAAAAAAAAAAAAAAAAAAAAAAAAAAAAAAAAAABUXCBzkofpAAAAAAAAAAAAAIAAwAACSAAAAAAAAAAAAAAAAAAAAAGdGhlc2lzABAACAAAyXmWKAAAABEACAAAzkoDhAAAAAEAEAFNAWQACHyYAAh8jQAAl+0AAgBKTWFjaW50b3NoIEhEOlVzZXJzOgB4dG9mOgBEZXNrdG9wOgB0aGVzaXM6AEZBTW9TIC0gQSBGbGV4aWJsZSAjMTUxNzA4MS5wZGYADgCcAE0ARgBBAE0AbwBTACAALQAgAEEAIABGAGwAZQB4AGkAYgBsAGUAIABBAGMAdABpAHYAZQAgAE0AbwBuAGkAdABvAHIAaQBuAGcAIABTAGUAcgB2AGkAYwBlACAAZgBvAHIAIABXAGkAcgBlAGwAZQBzAHMAIABTAGUAbgBzAG8AcgAgAE4AZQB0AHcAbwByAGsAcwAuAHAAZABmAA8AGgAMAE0AYQBjAGkAbgB0AG8AcwBoACAASABEABIAZ1VzZXJzL3h0b2YvRGVza3RvcC90aGVzaXMvRkFNb1MgLSBBIEZsZXhpYmxlIEFjdGl2ZSBNb25pdG9yaW5nIFNlcnZpY2UgZm9yIFdpcmVsZXNzIFNlbnNvciBOZXR3b3Jrcy5wZGYAABMAAS8AABUAAgAL//8AAIAG0hscHR5aJGNsYXNzbmFtZVgkY2xhc3Nlc11OU011dGFibGVEYXRhox0fIFZOU0RhdGFYTlNPYmplY3TSGxwiI1xOU0RpY3Rpb25hcnmiIiBfEA9OU0tleWVkQXJjaGl2ZXLRJidUcm9vdIABAAgAEQAaACMALQAyADcAQABGAE0AVQBgAGcAagBsAG4AcQBzAHUAdwCEAI4A8wD4AQADWANaA18DagNzA4EDhQOMA5UDmgOnA6oDvAO/A8QAAAAAAAACAQAAAAAAAAAoAAAAAAAAAAAAAAAAAAADxg==}}

@incollection{seshadri2008sake,
	Author = {Seshadri, Arvind and Luk, Mark and Perrig, Adrian},
	Booktitle = {Distributed Computing in Sensor Systems},
	Date-Added = {2013-09-02 09:08:57 +0000},
	Date-Modified = {2013-09-02 09:19:14 +0000},
	Keywords = {given},
	Pages = {372--385},
	Publisher = {Springer},
	Title = {SAKE: Software attestation for key establishment in sensor networks},
	Year = {2008},
	Bdsk-File-1 = {YnBsaXN0MDDUAQIDBAUGJCVYJHZlcnNpb25YJG9iamVjdHNZJGFyY2hpdmVyVCR0b3ASAAGGoKgHCBMUFRYaIVUkbnVsbNMJCgsMDxJXTlMua2V5c1pOUy5vYmplY3RzViRjbGFzc6INDoACgAOiEBGABIAFgAdccmVsYXRpdmVQYXRoWWFsaWFzRGF0YV8QXS4uLy4uL0Rlc2t0b3AvdGhlc2lzL1NBS0UgLSBTb2Z0d2FyZSBBdHRlc3RhdGlvbiBmb3IgS2V5IEVzdGFibGlzaG1lbnQgaW4gU2Vuc29yIE5ldHdvcmtzLnBkZtIXCxgZV05TLmRhdGFPEQJEAAAAAAJEAAIAAAxNYWNpbnRvc2ggSEQAAAAAAAAAAAAAAAAAAADJeaQ4SCsAAAFNAWQfU0FLRSAtIFNvZnR3YXJlIEF0dCMxNTE3MzFCLnBkZgAAAAAAAAAAAAAAAAAAAAAAAAAAAAAAAAAAAAAAAAAAAVFzG85KIiEAAAAAAAAAAAACAAMAAAkgAAAAAAAAAAAAAAAAAAAABnRoZXNpcwAQAAgAAMl5ligAAAARAAgAAM5KBgEAAAABABABTQFkAAh8mAAIfI0AAJftAAIASk1hY2ludG9zaCBIRDpVc2VyczoAeHRvZjoARGVza3RvcDoAdGhlc2lzOgBTQUtFIC0gU29mdHdhcmUgQXR0IzE1MTczMUIucGRmAA4AkgBIAFMAQQBLAEUAIAAtACAAUwBvAGYAdAB3AGEAcgBlACAAQQB0AHQAZQBzAHQAYQB0AGkAbwBuACAAZgBvAHIAIABLAGUAeQAgAEUAcwB0AGEAYgBsAGkAcwBoAG0AZQBuAHQAIABpAG4AIABTAGUAbgBzAG8AcgAgAE4AZQB0AHcAbwByAGsAcwAuAHAAZABmAA8AGgAMAE0AYQBjAGkAbgB0AG8AcwBoACAASABEABIAYlVzZXJzL3h0b2YvRGVza3RvcC90aGVzaXMvU0FLRSAtIFNvZnR3YXJlIEF0dGVzdGF0aW9uIGZvciBLZXkgRXN0YWJsaXNobWVudCBpbiBTZW5zb3IgTmV0d29ya3MucGRmABMAAS8AABUAAgAL//8AAIAG0hscHR5aJGNsYXNzbmFtZVgkY2xhc3Nlc11OU011dGFibGVEYXRhox0fIFZOU0RhdGFYTlNPYmplY3TSGxwiI1xOU0RpY3Rpb25hcnmiIiBfEA9OU0tleWVkQXJjaGl2ZXLRJidUcm9vdIABAAgAEQAaACMALQAyADcAQABGAE0AVQBgAGcAagBsAG4AcQBzAHUAdwCEAI4A7gDzAPsDQwNFA0oDVQNeA2wDcAN3A4ADhQOSA5UDpwOqA68AAAAAAAACAQAAAAAAAAAoAAAAAAAAAAAAAAAAAAADsQ==}}

@incollection{krauss2007detecting,
	Author = {Krau{\ss}, Christoph and Stumpf, Frederic and Eckert, Claudia},
	Booktitle = {Security and Privacy in Ad-hoc and Sensor Networks},
	Date-Added = {2013-09-02 09:07:48 +0000},
	Date-Modified = {2013-09-02 09:19:01 +0000},
	Keywords = {given},
	Pages = {203--217},
	Publisher = {Springer},
	Title = {Detecting node compromise in hybrid wireless sensor networks using attestation techniques},
	Year = {2007},
	Bdsk-File-1 = {YnBsaXN0MDDUAQIDBAUGJCVYJHZlcnNpb25YJG9iamVjdHNZJGFyY2hpdmVyVCR0b3ASAAGGoKgHCBMUFRYaIVUkbnVsbNMJCgsMDxJXTlMua2V5c1pOUy5vYmplY3RzViRjbGFzc6INDoACgAOiEBGABIAFgAdccmVsYXRpdmVQYXRoWWFsaWFzRGF0YV8Qci4uLy4uL0Rlc2t0b3AvdGhlc2lzL0RldGVjdGluZyBub2RlIGNvbXByb21pc2UgaW4gaHlicmlkIHdpcmVsZXNzIHNlbnNvciBuZXR3b3JrcyB1c2luZyBhdHRlc3RhdGlvbiB0ZWNobmlxdWVzLnBkZtIXCxgZV05TLmRhdGFPEQKEAAAAAAKEAAIAAAxNYWNpbnRvc2ggSEQAAAAAAAAAAAAAAAAAAADJeaQ4SCsAAAFNAWQfRGV0ZWN0aW5nIG5vZGUgY29tcCMxNTE3MkJFLnBkZgAAAAAAAAAAAAAAAAAAAAAAAAAAAAAAAAAAAAAAAAAAAVFyvs5KIdEAAAAAAAAAAAACAAMAAAkgAAAAAAAAAAAAAAAAAAAABnRoZXNpcwAQAAgAAMl5ligAAAARAAgAAM5KBbEAAAABABABTQFkAAh8mAAIfI0AAJftAAIASk1hY2ludG9zaCBIRDpVc2VyczoAeHRvZjoARGVza3RvcDoAdGhlc2lzOgBEZXRlY3Rpbmcgbm9kZSBjb21wIzE1MTcyQkUucGRmAA4AvABdAEQAZQB0AGUAYwB0AGkAbgBnACAAbgBvAGQAZQAgAGMAbwBtAHAAcgBvAG0AaQBzAGUAIABpAG4AIABoAHkAYgByAGkAZAAgAHcAaQByAGUAbABlAHMAcwAgAHMAZQBuAHMAbwByACAAbgBlAHQAdwBvAHIAawBzACAAdQBzAGkAbgBnACAAYQB0AHQAZQBzAHQAYQB0AGkAbwBuACAAdABlAGMAaABuAGkAcQB1AGUAcwAuAHAAZABmAA8AGgAMAE0AYQBjAGkAbgB0AG8AcwBoACAASABEABIAd1VzZXJzL3h0b2YvRGVza3RvcC90aGVzaXMvRGV0ZWN0aW5nIG5vZGUgY29tcHJvbWlzZSBpbiBoeWJyaWQgd2lyZWxlc3Mgc2Vuc29yIG5ldHdvcmtzIHVzaW5nIGF0dGVzdGF0aW9uIHRlY2huaXF1ZXMucGRmAAATAAEvAAAVAAIAC///AACABtIbHB0eWiRjbGFzc25hbWVYJGNsYXNzZXNdTlNNdXRhYmxlRGF0YaMdHyBWTlNEYXRhWE5TT2JqZWN00hscIiNcTlNEaWN0aW9uYXJ5oiIgXxAPTlNLZXllZEFyY2hpdmVy0SYnVHJvb3SAAQAIABEAGgAjAC0AMgA3AEAARgBNAFUAYABnAGoAbABuAHEAcwB1AHcAhACOAQMBCAEQA5gDmgOfA6oDswPBA8UDzAPVA9oD5wPqA/wD/wQEAAAAAAAAAgEAAAAAAAAAKAAAAAAAAAAAAAAAAAAABAY=}}

@inproceedings{castelluccia2009difficulty,
	Author = {Castelluccia, Claude and Francillon, Aur{\'e}lien and Perito, Daniele and Soriente, Claudio},
	Booktitle = {Proceedings of the 16th ACM conference on Computer and communications security},
	Date-Added = {2013-09-02 09:06:09 +0000},
	Date-Modified = {2013-09-02 09:18:50 +0000},
	Keywords = {given},
	Organization = {ACM},
	Pages = {400--409},
	Title = {On the difficulty of software-based attestation of embedded devices},
	Year = {2009},
	Bdsk-File-1 = {YnBsaXN0MDDUAQIDBAUGJCVYJHZlcnNpb25YJG9iamVjdHNZJGFyY2hpdmVyVCR0b3ASAAGGoKgHCBMUFRYaIVUkbnVsbNMJCgsMDxJXTlMua2V5c1pOUy5vYmplY3RzViRjbGFzc6INDoACgAOiEBGABIAFgAdccmVsYXRpdmVQYXRoWWFsaWFzRGF0YV8QXC4uLy4uL0Rlc2t0b3AvdGhlc2lzL09uIHRoZSBkaWZmaWN1bHR5IG9mIHNvZnR3YXJlLWJhc2VkIGF0dGVzdGF0aW9uIG9mIGVtYmVkZGVkIGRldmljZXMucGRm0hcLGBlXTlMuZGF0YU8RAkIAAAAAAkIAAgAADE1hY2ludG9zaCBIRAAAAAAAAAAAAAAAAAAAAMl5pDhIKwAAAU0BZB9PbiB0aGUgZGlmZmljdWx0eSBvIzE1MTcyODcucGRmAAAAAAAAAAAAAAAAAAAAAAAAAAAAAAAAAAAAAAAAAAABUXKHzkohqQAAAAAAAAAAAAIAAwAACSAAAAAAAAAAAAAAAAAAAAAGdGhlc2lzABAACAAAyXmWKAAAABEACAAAzkoFiQAAAAEAEAFNAWQACHyYAAh8jQAAl+0AAgBKTWFjaW50b3NoIEhEOlVzZXJzOgB4dG9mOgBEZXNrdG9wOgB0aGVzaXM6AE9uIHRoZSBkaWZmaWN1bHR5IG8jMTUxNzI4Ny5wZGYADgCQAEcATwBuACAAdABoAGUAIABkAGkAZgBmAGkAYwB1AGwAdAB5ACAAbwBmACAAcwBvAGYAdAB3AGEAcgBlAC0AYgBhAHMAZQBkACAAYQB0AHQAZQBzAHQAYQB0AGkAbwBuACAAbwBmACAAZQBtAGIAZQBkAGQAZQBkACAAZABlAHYAaQBjAGUAcwAuAHAAZABmAA8AGgAMAE0AYQBjAGkAbgB0AG8AcwBoACAASABEABIAYVVzZXJzL3h0b2YvRGVza3RvcC90aGVzaXMvT24gdGhlIGRpZmZpY3VsdHkgb2Ygc29mdHdhcmUtYmFzZWQgYXR0ZXN0YXRpb24gb2YgZW1iZWRkZWQgZGV2aWNlcy5wZGYAABMAAS8AABUAAgAL//8AAIAG0hscHR5aJGNsYXNzbmFtZVgkY2xhc3Nlc11OU011dGFibGVEYXRhox0fIFZOU0RhdGFYTlNPYmplY3TSGxwiI1xOU0RpY3Rpb25hcnmiIiBfEA9OU0tleWVkQXJjaGl2ZXLRJidUcm9vdIABAAgAEQAaACMALQAyADcAQABGAE0AVQBgAGcAagBsAG4AcQBzAHUAdwCEAI4A7QDyAPoDQANCA0cDUgNbA2kDbQN0A30DggOPA5IDpAOnA6wAAAAAAAACAQAAAAAAAAAoAAAAAAAAAAAAAAAAAAADrg==}}

@inproceedings{kuang2010snds,
	Author = {Kuang, Xin and Shen, Jianhua},
	Booktitle = {Networks Security Wireless Communications and Trusted Computing (NSWCTC), 2010 Second International Conference on},
	Date-Added = {2013-09-02 09:04:26 +0000},
	Date-Modified = {2013-09-02 09:18:36 +0000},
	Keywords = {given},
	Organization = {IEEE},
	Pages = {422--425},
	Title = {Snds: A distributed monitoring and protocol analysis system for wireless sensor network},
	Volume = {2},
	Year = {2010},
	Bdsk-File-1 = {YnBsaXN0MDDUAQIDBAUGJCVYJHZlcnNpb25YJG9iamVjdHNZJGFyY2hpdmVyVCR0b3ASAAGGoKgHCBMUFRYaIVUkbnVsbNMJCgsMDxJXTlMua2V5c1pOUy5vYmplY3RzViRjbGFzc6INDoACgAOiEBGABIAFgAdccmVsYXRpdmVQYXRoWWFsaWFzRGF0YV8QcS4uLy4uL0Rlc2t0b3AvdGhlc2lzL1NORFMgLSBBIERpc3RyaWJ1dGVkIE1vbml0b3JpbmcgYW5kIFByb3RvY29sIEFuYWx5c2lzIFN5c3RlbSBmb3IgV2lyZWxlc3MgU2Vuc29yIE5ldHdvcmsucGRm0hcLGBlXTlMuZGF0YU8RAoAAAAAAAoAAAgAADE1hY2ludG9zaCBIRAAAAAAAAAAAAAAAAAAAAMl5pDhIKwAAAU0BZB9TTkRTIC0gQSBEaXN0cmlidXRlIzE1MTcyMjcucGRmAAAAAAAAAAAAAAAAAAAAAAAAAAAAAAAAAAAAAAAAAAABUXInzkohUQAAAAAAAAAAAAIAAwAACSAAAAAAAAAAAAAAAAAAAAAGdGhlc2lzABAACAAAyXmWKAAAABEACAAAzkoFMQAAAAEAEAFNAWQACHyYAAh8jQAAl+0AAgBKTWFjaW50b3NoIEhEOlVzZXJzOgB4dG9mOgBEZXNrdG9wOgB0aGVzaXM6AFNORFMgLSBBIERpc3RyaWJ1dGUjMTUxNzIyNy5wZGYADgC6AFwAUwBOAEQAUwAgAC0AIABBACAARABpAHMAdAByAGkAYgB1AHQAZQBkACAATQBvAG4AaQB0AG8AcgBpAG4AZwAgAGEAbgBkACAAUAByAG8AdABvAGMAbwBsACAAQQBuAGEAbAB5AHMAaQBzACAAUwB5AHMAdABlAG0AIABmAG8AcgAgAFcAaQByAGUAbABlAHMAcwAgAFMAZQBuAHMAbwByACAATgBlAHQAdwBvAHIAawAuAHAAZABmAA8AGgAMAE0AYQBjAGkAbgB0AG8AcwBoACAASABEABIAdlVzZXJzL3h0b2YvRGVza3RvcC90aGVzaXMvU05EUyAtIEEgRGlzdHJpYnV0ZWQgTW9uaXRvcmluZyBhbmQgUHJvdG9jb2wgQW5hbHlzaXMgU3lzdGVtIGZvciBXaXJlbGVzcyBTZW5zb3IgTmV0d29yay5wZGYAEwABLwAAFQACAAv//wAAgAbSGxwdHlokY2xhc3NuYW1lWCRjbGFzc2VzXU5TTXV0YWJsZURhdGGjHR8gVk5TRGF0YVhOU09iamVjdNIbHCIjXE5TRGljdGlvbmFyeaIiIF8QD05TS2V5ZWRBcmNoaXZlctEmJ1Ryb290gAEACAARABoAIwAtADIANwBAAEYATQBVAGAAZwBqAGwAbgBxAHMAdQB3AIQAjgECAQcBDwOTA5UDmgOlA64DvAPAA8cD0APVA+ID5QP3A/oD/wAAAAAAAAIBAAAAAAAAACgAAAAAAAAAAAAAAAAAAAQB}}

@inproceedings{aschenbruck2012security,
	Author = {Aschenbruck, Nils and Bauer, Jan and Bieling, Jakob and Bothe, Alexander and Schwamborn, Matthias},
	Booktitle = {Networked Sensing Systems (INSS), 2012 Ninth International Conference on},
	Date-Added = {2013-09-02 09:03:45 +0000},
	Date-Modified = {2013-09-02 09:18:19 +0000},
	Keywords = {given},
	Organization = {IEEE},
	Pages = {1--8},
	Title = {A security architecture and modular intrusion detection system for WSNs},
	Year = {2012},
	Bdsk-File-1 = {YnBsaXN0MDDUAQIDBAUGJCVYJHZlcnNpb25YJG9iamVjdHNZJGFyY2hpdmVyVCR0b3ASAAGGoKgHCBMUFRYaIVUkbnVsbNMJCgsMDxJXTlMua2V5c1pOUy5vYmplY3RzViRjbGFzc6INDoACgAOiEBGABIAFgAdccmVsYXRpdmVQYXRoWWFsaWFzRGF0YV8QYC4uLy4uL0Rlc2t0b3AvdGhlc2lzL0Egc2VjdXJpdHkgYXJjaGl0ZWN0dXJlIGFuZCBtb2R1bGFyIGludHJ1c2lvbiBkZXRlY3Rpb24gc3lzdGVtIGZvciBXU05zLnBkZtIXCxgZV05TLmRhdGFPEQJOAAAAAAJOAAIAAAxNYWNpbnRvc2ggSEQAAAAAAAAAAAAAAAAAAADJeaQ4SCsAAAFNAWQfQSBzZWN1cml0eSBhcmNoaXRlYyMxNTE3MUMwLnBkZgAAAAAAAAAAAAAAAAAAAAAAAAAAAAAAAAAAAAAAAAAAAVFxwM5KIOMAAAAAAAAAAAACAAMAAAkgAAAAAAAAAAAAAAAAAAAABnRoZXNpcwAQAAgAAMl5ligAAAARAAgAAM5KBMMAAAABABABTQFkAAh8mAAIfI0AAJftAAIASk1hY2ludG9zaCBIRDpVc2VyczoAeHRvZjoARGVza3RvcDoAdGhlc2lzOgBBIHNlY3VyaXR5IGFyY2hpdGVjIzE1MTcxQzAucGRmAA4AmABLAEEAIABzAGUAYwB1AHIAaQB0AHkAIABhAHIAYwBoAGkAdABlAGMAdAB1AHIAZQAgAGEAbgBkACAAbQBvAGQAdQBsAGEAcgAgAGkAbgB0AHIAdQBzAGkAbwBuACAAZABlAHQAZQBjAHQAaQBvAG4AIABzAHkAcwB0AGUAbQAgAGYAbwByACAAVwBTAE4AcwAuAHAAZABmAA8AGgAMAE0AYQBjAGkAbgB0AG8AcwBoACAASABEABIAZVVzZXJzL3h0b2YvRGVza3RvcC90aGVzaXMvQSBzZWN1cml0eSBhcmNoaXRlY3R1cmUgYW5kIG1vZHVsYXIgaW50cnVzaW9uIGRldGVjdGlvbiBzeXN0ZW0gZm9yIFdTTnMucGRmAAATAAEvAAAVAAIAC///AACABtIbHB0eWiRjbGFzc25hbWVYJGNsYXNzZXNdTlNNdXRhYmxlRGF0YaMdHyBWTlNEYXRhWE5TT2JqZWN00hscIiNcTlNEaWN0aW9uYXJ5oiIgXxAPTlNLZXllZEFyY2hpdmVy0SYnVHJvb3SAAQAIABEAGgAjAC0AMgA3AEAARgBNAFUAYABnAGoAbABuAHEAcwB1AHcAhACOAPEA9gD+A1ADUgNXA2IDawN5A30DhAONA5IDnwOiA7QDtwO8AAAAAAAAAgEAAAAAAAAAKAAAAAAAAAAAAAAAAAAAA74=}}

@incollection{krontiris2009cooperative,
	Author = {Krontiris, Ioannis and Benenson, Zinaida and Giannetsos, Thanassis and Freiling, Felix C and Dimitriou, Tassos},
	Booktitle = {Wireless Sensor Networks},
	Date-Added = {2013-08-12 12:09:41 +0000},
	Date-Modified = {2013-09-02 09:18:06 +0000},
	Keywords = {given},
	Pages = {263--278},
	Publisher = {Springer},
	Title = {Cooperative intrusion detection in wireless sensor networks},
	Year = {2009},
	Bdsk-File-1 = {YnBsaXN0MDDUAQIDBAUGJCVYJHZlcnNpb25YJG9iamVjdHNZJGFyY2hpdmVyVCR0b3ASAAGGoKgHCBMUFRYaIVUkbnVsbNMJCgsMDxJXTlMua2V5c1pOUy5vYmplY3RzViRjbGFzc6INDoACgAOiEBGABIAFgAdccmVsYXRpdmVQYXRoWWFsaWFzRGF0YV8QVC4uLy4uL0Rlc2t0b3AvdGhlc2lzL0Nvb3BlcmF0aXZlIGludHJ1c2lvbiBkZXRlY3Rpb24gaW4gd2lyZWxlc3Mgc2Vuc29yIG5ldHdvcmtzLnBkZtIXCxgZV05TLmRhdGFPEQIqAAAAAAIqAAIAAAxNYWNpbnRvc2ggSEQAAAAAAAAAAAAAAAAAAADJeaQ4SCsAAAFNAWQfQ29vcGVyYXRpdmUgaW50cnVzaSMxNTE3MTVBLnBkZgAAAAAAAAAAAAAAAAAAAAAAAAAAAAAAAAAAAAAAAAAAAVFxWs5KIIkAAAAAAAAAAAACAAMAAAkgAAAAAAAAAAAAAAAAAAAABnRoZXNpcwAQAAgAAMl5ligAAAARAAgAAM5KBGkAAAABABABTQFkAAh8mAAIfI0AAJftAAIASk1hY2ludG9zaCBIRDpVc2VyczoAeHRvZjoARGVza3RvcDoAdGhlc2lzOgBDb29wZXJhdGl2ZSBpbnRydXNpIzE1MTcxNUEucGRmAA4AgAA/AEMAbwBvAHAAZQByAGEAdABpAHYAZQAgAGkAbgB0AHIAdQBzAGkAbwBuACAAZABlAHQAZQBjAHQAaQBvAG4AIABpAG4AIAB3AGkAcgBlAGwAZQBzAHMAIABzAGUAbgBzAG8AcgAgAG4AZQB0AHcAbwByAGsAcwAuAHAAZABmAA8AGgAMAE0AYQBjAGkAbgB0AG8AcwBoACAASABEABIAWVVzZXJzL3h0b2YvRGVza3RvcC90aGVzaXMvQ29vcGVyYXRpdmUgaW50cnVzaW9uIGRldGVjdGlvbiBpbiB3aXJlbGVzcyBzZW5zb3IgbmV0d29ya3MucGRmAAATAAEvAAAVAAIAC///AACABtIbHB0eWiRjbGFzc25hbWVYJGNsYXNzZXNdTlNNdXRhYmxlRGF0YaMdHyBWTlNEYXRhWE5TT2JqZWN00hscIiNcTlNEaWN0aW9uYXJ5oiIgXxAPTlNLZXllZEFyY2hpdmVy0SYnVHJvb3SAAQAIABEAGgAjAC0AMgA3AEAARgBNAFUAYABnAGoAbABuAHEAcwB1AHcAhACOAOUA6gDyAyADIgMnAzIDOwNJA00DVANdA2IDbwNyA4QDhwOMAAAAAAAAAgEAAAAAAAAAKAAAAAAAAAAAAAAAAAAAA44=}}

@article{ganeriwal2008reputation,
	Author = {Ganeriwal, Saurabh and Balzano, Laura K and Srivastava, Mani B},
	Date-Added = {2013-08-12 12:05:47 +0000},
	Date-Modified = {2013-09-02 09:17:50 +0000},
	Journal = {ACM Transactions on Sensor Networks (TOSN)},
	Keywords = {given},
	Number = {3},
	Pages = {15},
	Publisher = {ACM},
	Title = {Reputation-based framework for high integrity sensor networks},
	Volume = {4},
	Year = {2008},
	Bdsk-File-1 = {YnBsaXN0MDDUAQIDBAUGJCVYJHZlcnNpb25YJG9iamVjdHNZJGFyY2hpdmVyVCR0b3ASAAGGoKgHCBMUFRYaIVUkbnVsbNMJCgsMDxJXTlMua2V5c1pOUy5vYmplY3RzViRjbGFzc6INDoACgAOiEBGABIAFgAdccmVsYXRpdmVQYXRoWWFsaWFzRGF0YV8QVi4uLy4uL0Rlc2t0b3AvdGhlc2lzL1JlcHV0YXRpb24tYmFzZWQgZnJhbWV3b3JrIGZvciBoaWdoIGludGVncml0eSBzZW5zb3IgbmV0d29ya3MucGRm0hcLGBlXTlMuZGF0YU8RAjAAAAAAAjAAAgAADE1hY2ludG9zaCBIRAAAAAAAAAAAAAAAAAAAAMl5pDhIKwAAAU0BZB9SZXB1dGF0aW9uLWJhc2VkIGZyIzE0RDEzNDEucGRmAAAAAAAAAAAAAAAAAAAAAAAAAAAAAAAAAAAAAAAAAAABTRNBzi6cxgAAAAAAAAAAAAIAAwAACSAAAAAAAAAAAAAAAAAAAAAGdGhlc2lzABAACAAAyXmWKAAAABEACAAAzi6ApgAAAAEAEAFNAWQACHyYAAh8jQAAl+0AAgBKTWFjaW50b3NoIEhEOlVzZXJzOgB4dG9mOgBEZXNrdG9wOgB0aGVzaXM6AFJlcHV0YXRpb24tYmFzZWQgZnIjMTREMTM0MS5wZGYADgCEAEEAUgBlAHAAdQB0AGEAdABpAG8AbgAtAGIAYQBzAGUAZAAgAGYAcgBhAG0AZQB3AG8AcgBrACAAZgBvAHIAIABoAGkAZwBoACAAaQBuAHQAZQBnAHIAaQB0AHkAIABzAGUAbgBzAG8AcgAgAG4AZQB0AHcAbwByAGsAcwAuAHAAZABmAA8AGgAMAE0AYQBjAGkAbgB0AG8AcwBoACAASABEABIAW1VzZXJzL3h0b2YvRGVza3RvcC90aGVzaXMvUmVwdXRhdGlvbi1iYXNlZCBmcmFtZXdvcmsgZm9yIGhpZ2ggaW50ZWdyaXR5IHNlbnNvciBuZXR3b3Jrcy5wZGYAABMAAS8AABUAAgAL//8AAIAG0hscHR5aJGNsYXNzbmFtZVgkY2xhc3Nlc11OU011dGFibGVEYXRhox0fIFZOU0RhdGFYTlNPYmplY3TSGxwiI1xOU0RpY3Rpb25hcnmiIiBfEA9OU0tleWVkQXJjaGl2ZXLRJidUcm9vdIABAAgAEQAaACMALQAyADcAQABGAE0AVQBgAGcAagBsAG4AcQBzAHUAdwCEAI4A5wDsAPQDKAMqAy8DOgNDA1EDVQNcA2UDagN3A3oDjAOPA5QAAAAAAAACAQAAAAAAAAAoAAAAAAAAAAAAAAAAAAADlg==}}
